
@misc{abc,
	title = {Home {\textbar} {Beethoven} {X} - {The} {AI} {Project}},
	url = {https://www.beethovenx-ai.com},
	abstract = {Feature Documentary {\textbar} When Beethoven died in March 1827 a part of his legacy were 40 sketches for a 10th unfinished symphony. An AI completed Beethoven's 10th symphony},
	language = {de},
	urldate = {2022-06-16},
	journal = {Beethoven X},
	file = {Snapshot:C\:\\Users\\Tim-L\\Zotero\\storage\\5BJQNC78\\www.beethovenx-ai.com.html:text/html},
}

@misc{noauthor_midis_nodate-1,
	title = {{MIDIs} containing 'zelda' — {BitMidi}},
	url = {https://bitmidi.com/search?q=zelda},
	urldate = {2022-06-18},
}

@misc{raffel_intuitive_2014,
	title = {Intuitive {Analysis}, {Creation} and {Manipulation} of {MIDI} {Data} with pretty\_midi},
	url = {https://craffel.github.io/pretty-midi/},
	urldate = {2022-06-19},
	author = {Raffel, Collin and P. W. Ellis, Daniel},
	year = {2014},
	file = {pretty_midi — pretty_midi 0.2.9 documentation:C\:\\Users\\Tim-L\\Zotero\\storage\\TH5RADBM\\pretty-midi.html:text/html},
}

@article{raffel_intuitive_2014-1,
	title = {{INTUITIVE} {ANALYSIS}, {CREATION} {AND} {MANIPULATION} {OF} {MIDI} {DATA} {WITH} pretty\_midi},
	language = {en},
	journal = {In 15th International Conference on Music Information Retrieval Late Breaking and Demo Papers},
	author = {Raffel, Colin and Ellis, Daniel P W},
	year = {2014},
	pages = {2},
	file = {Raffel and Ellis - INTUITIVE ANALYSIS, CREATION AND MANIPULATION OF M.pdf:C\:\\Users\\Tim-L\\Zotero\\storage\\NG6KV98S\\Raffel and Ellis - INTUITIVE ANALYSIS, CREATION AND MANIPULATION OF M.pdf:application/pdf},
}

@misc{brownlee_impact_2019,
	title = {Impact of {Dataset} {Size} on {Deep} {Learning} {Model} {Skill} {And} {Performance} {Estimates}},
	url = {https://machinelearningmastery.com/impact-of-dataset-size-on-deep-learning-model-skill-and-performance-estimates/},
	abstract = {Supervised learning is challenging, although the depths of this challenge are often learned then forgotten or willfully ignored. This must be the case, because dwelling too long on this challenge may result in a pessimistic outlook. In spite of the challenge, we continue to wield supervised learning algorithms and they perform well in practice. Fundamental […]},
	language = {en-US},
	urldate = {2022-06-25},
	journal = {Machine Learning Mastery},
	author = {Brownlee, Jason},
	month = jan,
	year = {2019},
	file = {Snapshot:C\:\\Users\\Tim-L\\Zotero\\storage\\H9DFCB9D\\impact-of-dataset-size-on-deep-learning-model-skill-and-performance-estimates.html:text/html},
}

@misc{noauthor_generate_nodate,
	title = {Generate music with an {RNN}  {\textbar}  {TensorFlow} {Core}},
	url = {https://www.tensorflow.org/tutorials/audio/music_generation},
	urldate = {2022-06-25},
	file = {Generate music with an RNN  |  TensorFlow Core:C\:\\Users\\Tim-L\\Zotero\\storage\\MK829S6Q\\music_generation.html:text/html},
}

@misc{brownlee_how_2018,
	title = {How to {Develop} {LSTM} {Models} for {Time} {Series} {Forecasting}},
	url = {https://machinelearningmastery.com/how-to-develop-lstm-models-for-time-series-forecasting/},
	abstract = {Long Short-Term Memory networks, or LSTMs for short, can be applied to time series forecasting. There are many types of LSTM models that can be used for each specific type of time series forecasting problem. In this tutorial, you will discover how to develop a suite of LSTM models for a range of standard time […]},
	language = {en-US},
	urldate = {2022-06-25},
	journal = {Machine Learning Mastery},
	author = {Brownlee, Jason},
	month = nov,
	year = {2018},
	file = {Snapshot:C\:\\Users\\Tim-L\\Zotero\\storage\\6KZ3DRPW\\how-to-develop-lstm-models-for-time-series-forecasting.html:text/html},
}

@misc{wreglesworth_beginners_nodate,
	title = {A {Beginner}’s {Guide} {To} {MIDI}: {What} {Is} {It}? {How} {Does} {It} {Work}?},
	shorttitle = {A {Beginner}’s {Guide} {To} {MIDI}},
	url = {https://musicianshq.com/a-beginners-guide-to-midi/},
	abstract = {MIDI is a word you will see thrown around a lot when reading about recording music at home. As a beginner, I owned and used a…},
	language = {en-US},
	urldate = {2022-06-26},
	journal = {Musician's HQ},
	author = {Wreglesworth, Rob},
	file = {Snapshot:C\:\\Users\\Tim-L\\Zotero\\storage\\Y7GPRB2V\\a-beginners-guide-to-midi.html:text/html},
}

@misc{noauthor_tfdatadataset_nodate,
	title = {tf.data.{Dataset} {\textbar} {TensorFlow} {Core} v2.9.1},
	url = {https://www.tensorflow.org/api_docs/python/tf/data/Dataset},
	abstract = {Represents a potentially large set of elements.},
	language = {en},
	urldate = {2022-06-26},
	journal = {TensorFlow},
	file = {Snapshot:C\:\\Users\\Tim-L\\Zotero\\storage\\7ZXQZCEU\\Dataset.html:text/html},
}
